@String{icml = "International Conference on Machine Learning (ICML)"}
@String{kdd = "ACM International Conference on Knowledge Discovery and Data Mining (KDD)"}
@String{vldb = "Very Large Databases Conference (VLDB)"}
@String{jmr = "Journal of Marketing Research"}
@String{eswa = "Expert Systems with Applications"}

@InProceedings{ref:clus-prof, 
 author = {{\.I}zzeddin G{\"u}r and Mehmet G{\"u}vercin and Hakan Ferhatosmano{\u g}lu},
 title = "Scaling Forecasting Algorithms using Clustered Modeling",
 booktitle = "Technical Report BU-CE-1302, Bilkent University",
 year = "August, 2013" 
}
% pages = "0--0",

@InProceedings{ref:dbscan,
 author = "M. Ester and Hans-Peter Kriegel and J. Sander and Xiaowei Xu ",
 title = "A density-based algorithm for discovering clusters in large spatial databases with noise",
 booktitle = kdd,
 pages = "226--31",
 year = "1996"
}

@InProceedings{ref:clustream,
 author = "Charu C. Aggarwal and Jiawei Han and Jianyong Wang and Philip S. Yu",
 title = "A Framework for Clustering Evolving Data Streams",
 booktitle = vldb,
 pages = "81--92",
 year = "2003"
}

@InProceedings{ref:x-means,
 author = "Dan Pelleg and Andrew W. Moore",
 title = "X-means: {E}xtending K-means with Efficient Estimation of the Number of Clusters",
 booktitle = icml,
 pages = "727--734",
 year = "2000"
}

@article{ref:churn-mining,
 author = "Shin-Yuan Hung and David C. Yen and Hsiu-Yu Wang",
 title = "Applying data mining to telecom churn management",
 journal = eswa,
 volume = "31",
 number = "3",
 pages = "515--524",
 year = "2006"
}

@article{ref:segmentation,
 author = "Michael J. Brusco and J. Dennis Cradit and Armen Tashchian",
 title = "Multi-criterion Clusterwise Regression for Joint Segmentation Settings: {A}n Application to Customer Value",
 journal = jmr,
 volume = "40",
 number = "2",
 pages = "225--234",
 year = "2003"
}


@Misc{ref:storm,
 key = "Twitter Storm",
 title = "Storm",
 howpublished = "\url{http://storm-project.net/}",
 note = "retrieved March, 2013"
}

@Misc{ref:hbase,
 key = "Apache HBase",
 title = "{HBase}",
 howpublished = "\url{http://hbase.apache.org/}",
 note = "retrieved March, 2013"
}


%%%%% Unused

@Article{ref:STREAM,
 author = "Arvind Arasu and Brian Babcock and Shivnath Babu and Mayur Datar and Keith Ito and Rajeev Motwani and Itaru Nishizawa and Utkarsh Srivastava and Dilys Thomas and Rohit Varma and Jennifer Widom",
 title = "{STREAM}: {T}he {S}tanford Stream Data Manager",
 journal = "{IEEE} Data Engineering Bulletin",
 volume = "26",
 number = "1",
 year = "2003"
}

